@book{barmak2011algebraic,
  title={Algebraic Topology of Finite Topological Spaces and Applications},
  author={Barmak, J.A.},
  isbn={9783642220036},
  lccn={2011934806},
  series={Lecture Notes in Mathematics},
  url={https://books.google.es/books?id=KR3zCAAAQBAJ},
  year={2011},
  publisher={Springer Berlin Heidelberg}
},
@inproceedings{borsuk1969concerning,
  title={Concerning the notion of the shape of compacta},
  author={Borsuk, Karol},
  booktitle={Proc. Int. Symp. on Top., Belgrade},
  pages={98--104},
  year={1969}
},
@book{jpmayfinitespaces,
  title={Finite spaces and larger contexts},
  author={May, J.P.},
  url={https://math.uchicago.edu/~may/FINITE/FINITEBOOK/FINITEBOOKCollatedDraft.pdf},
},
@article{mccord,
author = {Michael C. McCord},
title = {{Singular homology groups and homotopy groups of finite topological spaces}},
volume = {33},
journal = {Duke Mathematical Journal},
number = {3},
publisher = {Duke University Press},
pages = {465 -- 474},
year = {1966},
doi = {10.1215/S0012-7094-66-03352-7},
URL = {https://doi.org/10.1215/S0012-7094-66-03352-7}
},
@article{christie1944net,
  title={Net homotopy for compacta},
  author={Christie, Dan E},
  journal={Transactions of the American Mathematical Society},
  volume={56},
  pages={275--308},
  year={1944}
},
@article{chapman1972some,
  title={On some applications of infinite-dimensional manifolds to the theory of shape},
  author={Chapman, T},
  journal={Fundamenta Mathematicae},
  volume={76},
  number={3},
  pages={181--193},
  year={1972}
},
@article{dydak1978whitehead,
  title={The Whitehead and the Smale theorems in shape theory},
  author={Dydak, Jerzy},
  year={1978},
  journal={Instytut Matematyczny Polskiej Akademi Nauk (Warszawa)}
}
@article{Borsuk1931SurLR,
  title={Sur les r{\'e}tractes},
  author={Karol Borsuk},
  journal={Fundamenta Mathematicae},
  year={1931},
  volume={17},
  pages={152-170},
  url={https://api.semanticscholar.org/CorpusID:117202273}
}
@article{borsuk1932klasse,
  title={{\"U}ber eine Klasse von lokal zusammenh{\"a}ngenden R{\"a}umen},
  author={Borsuk, Karol},
  journal={Fundamenta Mathematicae},
  volume={19},
  number={1},
  pages={220--242},
  year={1932},
  publisher={Polska Akademia Nauk. Instytut Matematyczny PAN}
}
@article{borsuk1937prolongement,
  title={Sur les prolongement des transformations continues},
  author={Borsuk, Karol},
  journal={Fundamenta Mathematicae},
  volume={28},
  pages={99--110},
  year={1937},
  publisher={Instytut Matematyczny Polskiej Akademii Nauk}
}
@article{chapman1972shapes,
  title={Shapes of finite-dimensional compacta},
  author={Chapman, T},
  journal={Fundamenta Mathematicae},
  volume={76},
  number={3},
  pages={261--276},
  year={1972}
},
@book{Hatcher:478079,
      author        = "Hatcher, Allen",
      title         = "{Algebraic topology}",
      publisher     = "Cambridge Univ. Press",
      address       = "Cambridge",
      year          = "2000",
      url           = "https://cds.cern.ch/record/478079",
}
@article{stong,
author = {R. E., Stong},
title = {{Finite Topological Spaces}},
volume = {123},
journal = {Trans. Amer. Math. Soc.},
pages = {325 -- 340},
year = {1966},
},
@book{borsuk1975,
  title={Theory of Shape},
  author={Borsuk, K.},
  lccn={76359585},
  series={Monografie matematyczne},
  url={https://books.google.es/books?id=hrVsAAAAMAAJ},
  year={1975},
  publisher={PWN-Polish Scientific Publishers}
},
@book{oneill1983semiriemannian,
  added-at = {2010-01-20T12:10:30.000+0100},
  asin = {0125267401},
  author = {O' Neill, Barrett},
  biburl = {https://www.bibsonomy.org/bibtex/20bf6c0ce2a41a3ba7abe510678db8f3a/random3f},
  description = {Semi-Riemannian Geometry With Applications to Relativity, 103, Volume 103 (Pure and Applied Mathematics) (9780125267403): Barrett O'Neill: Books},
  ean = {9780125267403},
  interhash = {995ea7a7f4ff84acd3590fd769b81a79},
  intrahash = {0bf6c0ce2a41a3ba7abe510678db8f3a},
  isbn = {0125267401},
  keywords = {GeneralRelativity Geometry books},
  publisher = {Academic Press},
  timestamp = {2010-01-20T12:10:30.000+0100},
  title = {Semi-Riemannian Geometry With Applications to Relativity, 103, Volume 103 (Pure and Applied Mathematics)},
  url = {http://www.amazon.com/Semi-Riemannian-Geometry-Applications-Relativity-Mathematics/dp/0125267401},
  year = 1983
},
 @article{Borsuk_1968, 
 title={Concerning homotopy properties of compacta},
 volume={62},
 number={3},
 journal={Fundamenta Mathematicae},
 publisher={Polska Akademia Nauk. Instytut Matematyczny PAN},
 author={Borsuk, Karol},
 year={1968},
 pages={223–254},
},
@article{Mardešić1971,
author = {Mardešić, Sibe and Segal, Jack},
journal = {Fundamenta Mathematicae},
language = {eng},
number = {1},
pages = {41-59},
title = {Shapes of compacta and ANR-systems},
url = {http://eudml.org/doc/214361},
volume = {72},
year = {1971},
},
@article{Mardešić1970,
author = {Mardešić, Sibe and Segal, Jack},
journal = {Bull.Acad. Sci. Sér. Sci. Math. Astronom. Phys.},
language = {eng},
pages = {649-654},
title = {Movable compacta and ANR-systems},
volume = {18},
year = {1970},
},
@article{Fox1972,
author = {Fox, Ralph},
journal = {Fundamenta Mathematicae},
language = {eng},
number = {1},
pages = {47-71},
title = {On shape},
url = {http://eudml.org/doc/214415},
volume = {74},
year = {1972},
},
@article{sanjurjo_1992, 
title={An intrinsic description of shape}, 
volume={329}, 
ISSN={0002-9947}, 
DOI={10.1090/S0002-9947-1992-1028311-X}, number={2}, 
journal={Transactions of the American Mathematical Society}, author={Sanjurjo, Jose M. R.}, year={1992}, pages={625-636}, 
},
@article{sanjurjo_1990, 
title={Shape morphisms and small multivalued maps}, 
volume={35}, 
number={4}, 
journal={Math. Japonica}, author={Sanjurjo, Jose M. R.}, year={1990}, pages={713-717}, 
},
@article{Morita1975,
author = {Morita, Kiiti},
journal = {Fundamenta Mathematicae},
language = {eng},
number = {3},
pages = {251-259},
title = {On shapes of topological spaces},
url = {http://eudml.org/doc/214778},
volume = {86},
year = {1975},
},
@book{mardešić1982shape,
  title={Shape Theory: The Inverse System Approach},
  author={Marde{\v{s}}i{\'c}, S. and Segal, J.},
  isbn={9780444862860},
  lccn={81016809},
  series={Mathematical Studies},
  url={https://books.google.es/books?id=4g-oAAAAIAAJ},
  year={1982},
  publisher={North-Holland Publishing Company}
},
@article{moron1,
author = {Alonso-Morón, M. and Gómez, A. González},
title = {The Hausdorff Metric and Classifications of Compacta},
journal = {Bulletin of the London Mathematical Society},
volume = {38},
number = {2},
pages = {314-322},
doi = {https://doi.org/10.1112/S0024609305018382},
url = {https://londmathsoc.onlinelibrary.wiley.com/doi/abs/10.1112/S0024609305018382},
eprint = {https://londmathsoc.onlinelibrary.wiley.com/doi/pdf/10.1112/S0024609305018382},
abstract = {In this paper we use the Hausdorff metric to prove that two compact metric spaces are homeomorphic if and only if their canonical complements are uniformly homeomorphic. We take one of the two steps needed to prove that the difference between the homotopical and topological classifications of compact connected ANRs depends only on the difference between continuity and uniform continuity of homeomorphisms in their canonical complements, which are totally bounded metric spaces. The more important step was provided by the Chapman complement and the Curtis–Schori–West theorems. We also improve the multivalued description of shape theory given by J. M. R. Sanjurjo but only in the class of locally connected compacta. 2000 Mathematics Subject Classification 54B20, 55P15, 57N25.},
year = {2006}
},
@article{mardevsic1971equivalence,
  title={Equivalence of the Borsuk and the ANR-system approach to shapes},
  author={Marde{\v{s}}i{\'c}, Sibe and Segal, Jack},
  journal={Fundamenta Mathematicae},
  volume={72},
  number={1},
  pages={61--68},
  year={1971}
}
@article{ALONSOMORON2008972,
title = {Homotopical properties of upper semifinite hyperspaces of compacta},
journal = {Topology and its Applications},
volume = {155},
number = {9},
pages = {972-981},
year = {2008},
issn = {0166-8641},
doi = {https://doi.org/10.1016/j.topol.2007.12.011},
url = {https://www.sciencedirect.com/science/article/pii/S0166864107004294},
author = {M. Alonso-Morón and A. {González Gómez}},
keywords = {Upper semifinite topology, Compactness, Shape, Homotopy},
abstract = {In this paper we study homotopical properties of a special neighborhood system, which is denoted by {Uε}ϵ>0, for the canonical embedding of a compact metric space in its upper semifinite hyperspace to get results in the shape theory for compacta. We also point out that there are spaces with the shape of finite discrete spaces and having not the homotopy type of any T1-space}
},
@article{dugundji1966topology,
  title={Topology},
  author={Dugundji, James},
  year={1966},
  journal={Boston: Allyn and Bacon,}
}
@article{mondejar2021reconstruction,
  title={Reconstruction of compacta by finite approximations and inverse persistence},
  author={Mond{\'e}jar Ruiz, Diego and Mor{\'o}n, Manuel A},
  journal={Revista Matem{\'a}tica Complutense},
  volume={34},
  pages={559--584},
  year={2021},
  publisher={Springer}
}
@article{mondejar2022polyhedral,
  title={Polyhedral expansions of compacta associated to finite approximations},
  author={Mond{\'e}jar, Diego},
  journal={Revista de la Real Academia de Ciencias Exactas, F{\'i}sicas y Naturales. Serie A. Matem{\'a}ticas},
  volume={116},
  number={3},
  pages={99},
  year={2022},
  publisher={Springer}
}
@article{latschev2001vietoris,
  title={Vietoris-Rips complexes of metric spaces near a closed Riemannian manifold},
  author={Latschev, Janko},
  journal={Archiv der Mathematik},
  volume={77},
  number={6},
  pages={522--528},
  year={2001},
  publisher={Springer}
}
@article{hausmann1995vietoris,
  title={On the Vietoris-Rips complexes and a cohomology theory for metric spaces},
  author={Hausmann, Jean-Claude and others},
  journal={Annals of Mathematics Studies},
  volume={138},
  pages={175--188},
  year={1995}
}
@article{dowker1952homology,
  title={Homology groups of relations},
  author={Dowker, Clifford H},
  journal={Annals of mathematics},
  pages={84--95},
  year={1952},
  publisher={JSTOR}
}
@book{willard1970general,
  title={General Topology},
  author={Willard, S.},
  isbn={9780201087079},
  lccn={74100890},
  series={Addison Wesley series in mathematics/Lynn H.Loomis},
  url={https://books.google.es/books?id=e8IPAQAAMAAJ},
  year={1970},
  publisher={Addison-Wesley Publishing Company}
}
@book{borsuk1967theory,
  title={Theory of Retracts},
  author={Borsuk, K.},
  number={v. 77},
  isbn={9780800220815},
  lccn={67052707},
  series={Monografie matematyczne},
  url={https://books.google.es/books?id=GIxsAAAAMAAJ},
  year={1967},
  publisher={Pa{\'n}stwowe Wydawn. Naukowe}
}
@book{hu1965theory,
  title={Theory of Retracts},
  author={Hu, S.T.},
  lccn={64021582},
  url={https://books.google.es/books?id=47ptzwEACAAJ},
  year={1965},
  publisher={Wayne State University Press}
}



